@article{ahrens,
  title={Lagrange Discrete Ordinates: A New Angular Discretization for the Three-Dimensional Linear Boltzmann Equation},
  author={Ahrens, Cory D.},
  journal={Nuclear Science and Engineering},
  volume={180},
  number={3},
  pages={273--285},
  year={2015},
  publisher={American Nuclear Society}
}

@article{sw-dlvn,
  title={{Deterministic Parameter Study for Fixed-Source Calculations Using \fwc}},
  author={Slaybaugh, R. N. and Wilson, S. C.},
  journal={Trans. Am. Nucl. Soc},
  volume={108},
  pages={441},
  year={2013}
}

@article{j-dlvn,
  title={{Application of Quadruple Range Quadratures to Three-Dimensional Model Shielding Problems}},
  author={Jarrell, Joshua J. and Adams, Marvin L. and Risner, Joel M.},
  journal={Nuclear Technology},
  volume={168},
  number={2},
  pages={424--430},
  year={2009},
  publisher={Taylor \& Francis}
}

@inproceedings{dlvn1991,
  title={{Benchmark measurements and Calculations of a Three-Dimensional Neutron Streaming Experiment}},
  author={Barnett Jr., Douglas Allen},
  booktitle={International Topical Meeting on Advances in Mathematics, Computations, and Reactor Physics, Pittsburgh, PA, USA},
  year={1991},
  institution={Knolls Atomic Power Lab., Schenectady, NY (USA)}
}

@article{pincell,
  title={{Analysis of the Rowlands Uranium Oxide Pin-Cell Benchmark with an Updated WIMS-D Library}},
  author={Trkov, Andrej},
  journal={Annals of Nuclear Energy},
  volume={25},
  number={10},
  pages={747--752},
  year={1998},
  publisher={Elsevier}
}

@techreport{pnnl,
  title={{Compendium of Material Composition Data for Radiation Transport Modeling}},
  author={McConn, Ronald J. and Gesh, Christopher J. and Pagh, Richard T. and Rucker, Robert A. and Williams III, Robert},
  year={2011},
  institution={Pacific Northwest National Laboratory (PNNL), Richland, WA (US)},
  url={https://doi.org/10.2172/1023125},
  number={PIET-43741-TM-963, PNNL-15870 Rev. 1}
}

@article{wilsonslaybaugh,
  title={{Improved Monte Carlo Variance Reduction for Space and Energy Self-Shielding}},
  author={Wilson, S.C. and Slaybaugh, R.N.},
  journal={Nuclear Science and Engineering},
  volume={179},
  number={1},
  pages={22--41},
  year={2015},
  url= {https://doi.org/10.13182/NSE13-109}
}

@article{denovo,
  title={{Denovo: A new three-dimensional parallel discrete ordinates code in SCALE}},
  author={Evans, Thomas M. and Stafford, Alissa S. and Slaybaugh, Rachel N. and Clarno, Kevin T.},
  journal={Nuclear Technology},
  volume={171},
  number={2},
  pages={171--200},
  year={2010},
  url={https://doi.org/10.13182/NT171-171}
}

@techreport{advantg,
  title={ADVANTG -- An Automated Variance Reduction Parameter Generator},
  author={Mosher, S.W. and Johnson, S.R. and Bevill, A.M. and Ibrahim, A.M. and Daily, C.R. and Evans, T.M. and Wagner, J.C. and Johnson, J.O. and Grove, R.E.},
  year={2015},
  month={August},
  institution={Oak Ridge National Laboratory},
  number={ORNL/TM-2013/416, Rev. 1}
}

@misc{amd,
  author = {Advanced Micro Devices Inc.},
  title = {AMD Opteron\texttrademark\ 6300 Series Processors},
  year = {2017},
  howpublished = {\url{http://www.amd.com/en-us/products/server/opteron/6000/6300}}
}

@techreport{exum,
  title={Exnihilo Documentation: Release 6.2.0 (Dev)},
  author={Evans, Thomas and Davidson, Greg and Hamilton, Steven and Johnson, Seth and Pandya, Tara},
  year={2017},
  institution={Oak Ridge National Laboratory}
}

@misc{wom,
  author = {Rob Womersley},
  title = {Extremal (Maximum Determinant) points on the sphere $S^2$},
  howpublished = {\url{http://web.maths.unsw.edu.au/~rsw/Sphere/Extremal/New/index.html}}
}

@techreport{exmm,
  title={Exnihilo Transport Methods Manuals},
  author={Evans, Thomas and Davidson, Greg and Jarrell, Josh and Hamilton, Steven and Johnson, Seth and Pandya, Tara},
  year={2015},
  month={March},
  institution={Oak Ridge National Laboratory},
  number={CASL-U-2015-0080-000, Revision 0}
}

@article{lathrop,
  title={Ray Effects in Discrete Ordinates Equations},
  author={Lathrop, Kaye D.},
  journal={Nuclear Science and Engineering},
  volume={32},
  number={3},
  pages={357--369},
  year={1968},
  publisher={American Nuclear Society}
}

@book{lm,
  title={Computational Methods of Neutron Transport},
  author={Lewis, E.E. and Miller, W.F.},
  year={1984},
  publisher={John Wiley \& Sons, Inc.},
  address={New York, NY}
}

